<?xml version="1.0" encoding="UTF-8"?><collection xmlns="http://www.loc.gov/MARC21/slim"><record><leader>00375nam--2200133-i-4500</leader><controlfield tag="001">000015581</controlfield><controlfield tag="002">20161230</controlfield><controlfield tag="005">20161230201031</controlfield><controlfield tag="008">060222s1000------------r-----000-0-eng-d</controlfield><datafield ind1=" " ind2=" " tag="080"><subfield code="a">621.38</subfield></datafield><datafield ind1=" " ind2=" " tag="100"><subfield code="a">Mircea Bodea, Ioan Mihut /S.A.</subfield></datafield><datafield ind1=" " ind2=" " tag="245"><subfield code="a">Aparate electronice pentru masurare si control</subfield></datafield><datafield ind1=" " ind2=" " tag="260"><subfield code="a">Bucuresti, Editura Didactica Si Pedagogica, 1985 334 P</subfield></datafield><datafield ind1=" " ind2=" " tag="852"><subfield code="a">72918</subfield></datafield></record></collection>